
@online{vuforia,
author = {Qualcomm Connected Experiences, Inc.},
title = {Vuforia Developer Portal},
year = {2014},
url = {https://developer.vuforia.com/},
}

@online{opencv_getperspectivetransform,
author = {},
title = {OpenCV Documentation: getPerspectiveTransform},
year = {2014},
url = {http://docs.opencv.org/modules/imgproc/doc/geometric_transformations.html#getperspectivetransform},
}

@online{opencv_warpperspective,
author = {},
title = {OpenCV Documentation: warpPerspective},
year = {2014},
url = {http://docs.opencv.org/modules/imgproc/doc/geometric_transformations.html#warpperspective},
}

@online{opencv_subtraction,
author = {},
title = {OpenCV Documentation: subtract},
year = {2014},
url = {http://docs.opencv.org/modules/core/doc/operations_on_arrays.html#subtract},
}

